<?xml version="1.0" encoding="UTF-8"?><collection xmlns="http://www.loc.gov/MARC21/slim"><record><leader>00413nam--2200133-i-4500</leader><controlfield tag="001">000004519</controlfield><controlfield tag="002">20161230</controlfield><controlfield tag="005">20170122105254</controlfield><controlfield tag="008">060222s1000------------r-----000-0-eng-d</controlfield><datafield ind1=" " ind2=" " tag="100"><subfield code="a">Baranescu, George</subfield></datafield><datafield ind1=" " ind2=" " tag="245"><subfield code="a">Motoare cu ardere interna. Echipajul mobil si partile fixe. Desene si date pentru proiectare</subfield></datafield><datafield ind1=" " ind2=" " tag="260"><subfield code="a">Bucuresti</subfield><subfield code="b">Litografia Invatamintului</subfield><subfield code="c">1957-58</subfield></datafield><datafield ind1=" " ind2=" " tag="852"><subfield code="a">6046</subfield></datafield><datafield ind1=" " ind2=" " tag="CAT"><subfield code="a">SYS</subfield><subfield code="c">20170122</subfield><subfield code="h">105254</subfield></datafield></record></collection>